<?xml version="1.0" encoding="UTF-8"?>
<record xmlns="http://www.loc.gov/MARC21/slim">
   <leader>03253cam a2200373 a 4500</leader>
   <controlfield tag="001">857288</controlfield>
   <controlfield tag="003">NjP</controlfield>
   <controlfield tag="005">20190705142243.0</controlfield>
   <controlfield tag="008">940104s1859    ua            000 0 ara d</controlfield>
   <datafield tag="024" ind1="7" ind2=" ">
      <subfield code="a">princeton_aco004853</subfield>
      <subfield code="2">local</subfield>
   </datafield>
   <datafield ind1=" " ind2=" " tag="035">
      <subfield code="a">(CStRLIN)NJPG94-B414</subfield>
   </datafield>
   <datafield ind1=" " ind2=" " tag="035">
      <subfield code="9">CAX2574TS</subfield>
   </datafield>
   <datafield ind1=" " ind2=" " tag="035">
      <subfield code="a">(NjP)857288</subfield>
   </datafield>
   <datafield ind1=" " ind2=" " tag="040">
      <subfield code="a">NjP</subfield>
      <subfield code="c">PUL</subfield>
      <subfield code="d">PUL</subfield>
   </datafield>
   <datafield ind1=" " ind2=" " tag="049">
      <subfield code="a">PULL</subfield>
   </datafield>
   <datafield ind1=" " ind2=" " tag="035">
      <subfield code="a">(OCoLC)ocm29685427</subfield>
   </datafield>
   <datafield ind1="1" ind2=" " tag="100">
      <subfield code="6">880-01</subfield>
      <subfield code="a">Bājūrī, Ibrāhīm ibn Muḥammad,</subfield>
      <subfield code="d">1783 or 4-1860.</subfield>
      <subfield code="0">http://id.loc.gov/authorities/names/n84030637</subfield>
   </datafield>
   <datafield ind1="1" ind2="0" tag="240">
      <subfield code="6">880-02</subfield>
      <subfield code="a">Ḥāshiyat al-ʻālim al-himām wa-al-ʻallāmah al-Imām al-Shaykh Ibrāhīm al-Bājūrī ʻalá matn al-Shamāʼil al-Muḥammadīyah ʻalá ṣāḥibihā afḍal al-ṣalāh wa-azká al-taḥīyah lil-Imām al-muḥaqqiq wa-al-muḥaddith al-mudaqqiq Muḥammad ibn ʻĪsá al-Tirmidhī</subfield>
   </datafield>
   <datafield ind1="1" ind2="0" tag="245">
      <subfield code="6">880-03</subfield>
      <subfield code="a">Hādhihi Ḥāshiyat al-ʻālim al-himām wa-al-ʻallāmah al-Imām al-Shaykh Ibrāhīm al-Bājūrī ʻalá matn al-Shamāʼil al-Muḥammadīyah ʻalá ṣāḥibihā afḍal al-ṣalāh wa-azká al-taḥīyah lil-Imām al-muḥaqqiq wa-al-muḥaddith al-mudaqqiq Muḥammad ibn ʻĪsá al-Tirmidhī.</subfield>
   </datafield>
   <datafield ind1=" " ind2=" " tag="260">
      <subfield code="6">880-04</subfield>
      <subfield code="a">[Cairo :</subfield>
      <subfield code="b">s.n.],</subfield>
      <subfield code="c">1276 [1859 or 1860]</subfield>
   </datafield>
   <datafield ind1=" " ind2=" " tag="300">
      <subfield code="a">324 p. ;</subfield>
      <subfield code="c">25 cm.</subfield>
   </datafield>
   <datafield ind1="1" ind2="0" tag="600">
      <subfield code="6">880-05</subfield>
      <subfield code="a">Tirmidhī, Muḥammad ibn ʻĪsá,</subfield>
      <subfield code="d">d. 892.</subfield>
      <subfield code="t">Shamāʼil.</subfield>
      <subfield code="0">http://id.loc.gov/authorities/names/n93110494</subfield>
   </datafield>
   <datafield ind1="0" ind2=" " tag="740">
      <subfield code="6">880-06</subfield>
      <subfield code="a">Ḥāshiyat al-ʻālim al-himām wa-al-ʻallāmah al-Imām al-Shaykh Ibrāhīm al-Bājūrī ʻalá matn al-Shamāʼil al-Muḥammadīyah ʻalá ṣāḥibihā afḍal al-ṣalāh wa-azká al-taḥīyah lil-Imām al-muḥaqqiq wa-al-muḥaddith al-mudaqqiq Muḥammad ibn ʻĪsá al-Tirmidhī.</subfield>
   </datafield>
   <datafield ind1="1" ind2=" " tag="880">
      <subfield code="6">100-01/r</subfield>
      <subfield code="a">باجوري، ابراهيم بن محمد،</subfield>
      <subfield code="d">1783 or 4-1860.</subfield>
   </datafield>
   <datafield ind1="1" ind2="0" tag="880">
      <subfield code="6">240-02/r</subfield>
      <subfield code="a">حاشية العالم الهمام والعلامة الامام الشيخ ابراهيم الباجوري على متن الشمائل المحمدية على صاحبها افضل الصلاة وازكى التحية للامام المحقق والمحدث المدقق محمد بن عيسى الترمذي</subfield>
   </datafield>
   <datafield ind1="1" ind2="0" tag="880">
      <subfield code="6">245-03/r</subfield>
      <subfield code="a">هذه حاشية العالم الهمام والعلامة الامام الشيخ ابراهيم الباجوري على متن الشمائل المحمدية على صاحبها افضل الصلاة وازكى التحية للامام المحقق والمحدث المدقق محمد بن عيسى الترمذي.</subfield>
   </datafield>
   <datafield ind1=" " ind2=" " tag="880">
      <subfield code="6">260-04/r</subfield>
      <subfield code="a">[القاهرة] :</subfield>
      <subfield code="b">s.n.]،</subfield>
      <subfield code="c">1276 [1859 or 1860]</subfield>
   </datafield>
   <datafield ind1="1" ind2="0" tag="880">
      <subfield code="6">600-05/r</subfield>
      <subfield code="a">ترمذي، محمد بن عيسى،</subfield>
      <subfield code="d">d. 892.</subfield>
      <subfield code="t">شمائل.</subfield>
   </datafield>
   <datafield ind1="0" ind2=" " tag="880">
      <subfield code="6">740-06/r</subfield>
      <subfield code="a">حاشية العالم الهمام والعلامة الامام الشيخ ابراهيم الباجوري على متن الشمائل المحمدية على صاحبها افضل الصلاة وازكى التحية للامام المحقق والمحدث المدقق محمد بن عيسى الترمذي.</subfield>
   </datafield>
   <datafield ind1="4" ind2=" " tag="856">
      <subfield code="u">http://hdl.handle.net/2027/njp.32101064293747</subfield>
   </datafield>
   <datafield ind1=" " ind2=" " tag="998">
      <subfield code="a">01/10/94</subfield>
      <subfield code="s">9114</subfield>
      <subfield code="n">NjP</subfield>
      <subfield code="w">NJPG94B414</subfield>
      <subfield code="d">01/04/94</subfield>
      <subfield code="c">KC</subfield>
      <subfield code="b">JAB</subfield>
      <subfield code="i">940110</subfield>
      <subfield code="l">NJPG</subfield>
   </datafield>
   <datafield ind1=" " ind2=" " tag="911">
      <subfield code="a">19940120</subfield>
   </datafield>
   <datafield ind1=" " ind2=" " tag="912">
      <subfield code="a">19980414034553.0</subfield>
   </datafield>
   <datafield ind1=" " ind2=" " tag="994">
      <subfield code="a">C0</subfield>
      <subfield code="b">PUL</subfield>
   </datafield>
   <datafield ind1=" " ind2=" " tag="999">
      <subfield code="a">857288</subfield>
   </datafield>
   <datafield ind1=" " ind2=" " tag="979">
      <subfield code="a">(OCoLC)ocn176339945</subfield>
   </datafield>
   <datafield ind1="8" ind2="0" tag="852">
      <subfield code="0">976895</subfield>
      <subfield code="b">rcppa</subfield>
      <subfield code="t">1</subfield>
      <subfield code="h">2276.9075.567 1859</subfield>
      <subfield code="x">tr fr anxa</subfield>
   </datafield>
   <datafield ind1="8" ind2=" " tag="852">
      <subfield code="0">8684817</subfield>
      <subfield code="b">elf1</subfield>
      <subfield code="h">Electronic Resource</subfield>
   </datafield>
   <datafield ind1=" " ind2=" " tag="959">
      <subfield code="a">2000-06-08 00:00:00 -0400</subfield>
   </datafield>
</record>
